@inproceedings{barthels2020automatic,
  title={Automatic generation of efficient linear algebra programs},
  author={Barthels, Henrik and Psarras, Christos and Bientinesi, Paolo},
  booktitle={Proceedings of the Platform for Advanced Scientific Computing Conference},
  pages={1--11},
  year={2020}
}

@book{cormen2009introduction,
  title={Introduction to algorithms},
  author={Cormen, Thomas H and Leiserson, Charles E and Rivest, Ronald L and Stein, Clifford},
  year={2009},
  publisher={MIT press}
}

@inproceedings{49991,
title	= {Progressive Raising in Multi-level IR},
author	= {Lorenzo Chelini and Andi Drebes and Alex Zinenko and Albert Cohen and Nicolas Vasilache and Tobias Grosser and Henk Corporaal},
year	= {2021},
booktitle	= {International Conference on Code Generation and Optimization (CGO)},
address	= {February 27th - March 3rd, 2021, Virtual Conference}
}
